@misc{c:22,
      title={MobileNets: Efficient Convolutional Neural Networks for Mobile Vision Applications}, 
      author={Andrew G. Howard},
      year={2017},
      eprint={1704.04861},
      archivePrefix={arXiv},
      primaryClass={cs.CL}
}

@misc{c:23,
  title        = "Pluto: The 'Other' Red Planet",
  author       = "{CIFAR-10}",
  howpublished = "\url{https://www.cs.toronto.edu/~kriz/cifar.htmlt}",
  year         = 2009,
  note         = "Accessed: 2023-03"
}